@misc{utredning,
  title={Utredning av KTH:s karriärsystem},
  author={Ann Fust and Nina Wormbs},
  note={V-2024-0253},
}
@misc{direktiv,
  title={Beslut om direktiv för utredning av KTH:s karriärsystem},
  note={V-2024-0253},
}
@online{DiverseLabs,
  title={These labs are remarkably diverse---here’s why they’re winning at 
         science},
  author={Kendall Powell},
  year={2018},
  month={6},
  day={6},
  publisher={Nature},
  url={https://www.nature.com/articles/d41586-018-05316-5},
}
@misc{Högskoleförordningen,
  title={Högskoleförordning (1993:100)},
  note={Ändring införd t.o.m. SFS 2024:1305.},
}
@misc{Anställningsordning,
  title={Anställningsordning för lärare vid KTH},
  note={V-2018-0064, senast ändrad genomV-2023-0426},
  year={2023},
  month={7},
}
@online{UKÄstat,
  author={UKÄ},
  title={Högskolan i siffror},
  %url={https://www.uka.se/vara-resultat/statistik/hogskolan-i-siffror},
}
@online{UHRstat,
  author={UHR},
  title={Antagningsstatistik},
  %url={https://www.uhr.se/studier-och-antagning/antagningsstatistik/},
}
